@Article{Zheng2019,
  author       = {Zibin Zheng and Shaoan Xie and Hong-Ning Dai and Weili Chen and Xiangping Chen and Jian Weng and Muhammad Imran},
  date         = {2019-12-22},
  journaltitle = {Future Generation Computer Systems},
  title        = {An Overview on Smart Contracts: Challenges, Advances and Platforms},
  pages        = {475-491},
  url          = {https://arxiv.org/pdf/1912.10370.pdf},
  volume       = {105},
}

@Report{Chohan2021,
  author      = {Usman W. Chohan},
  date        = {2021-01-06},
  institution = {SSRN},
  title       = {The Double Spending Problem and Cryptocurrencies},
  type        = {Discussion paper},
  url         = {https://ssrn.com/abstract=3090174},
}

@Report{Hoepman2008,
  author      = {Jaap-Henk Hoepman},
  date        = {2008-02-06},
  institution = {Institute for Computing and Information Sciences Radboud University Nijmegen},
  title       = {Distributed Double Spending Prevention},
  type        = {Paper},
  url         = {https://arxiv.org/abs/0802.0832v1},
}

@Report{Salem2008,
  author      = {Asad Omar Salem and Maryam Tareq Abu Safeia and Safa Mousa Siam},
  date        = {2008},
  institution = {Arab American University},
  title       = {Report of Blockchain Techniques and Applications},
  type        = {Report},
}

@Report{Xu2019,
  author      = {Min Xu and Xingtong Chen and Gang Kou},
  date        = {2019-07-04},
  institution = {Southwestern University of Finance and Economics},
  title       = {A systematic review of blockchain},
  type        = {Review},
  url         = {https://jfin-swufe.springeropen.com/track/pdf/10.1186/s40854-019-0147-z.pdf},
}

@Article{Rawat2020,
  author       = {Danda B. Rawat and Vijay Chaudhary and Ronald Doku},
  date         = {2020-11-10},
  journaltitle = {Journal of Cybersecurity and Privacy},
  title        = {Blockchain Technology: Emerging Applications and Use Cases for Secure and Trustworthy Smart Systems},
  url          = {https://www.mdpi.com/2624-800X/1/1/2},
}

@Report{Nakamoto2008,
  author      = {Satoshi Nakamoto},
  date        = {2008},
  institution = {Bitcoin},
  title       = {Bitcoin: A Peer-to-Peer Electronic Cash System},
  type        = {Whitepaper},
  url         = {https://bitcoin.org/bitcoin.pdf},
}

@WWW{Majaski2021,
  author = {Christina Majaski},
  date   = {2021-10-09},
  title  = {Distributed Ledgers},
  url    = {https://www.investopedia.com/terms/d/distributed-ledgers.asp},
}

@Article{Chaudhry2018,
  author       = {Natalia Chaudhry and Muhammad Murtaza Yousaf},
  date         = {2018-12-21},
  journaltitle = {2018 12th International Conference on Open Source Systems and Technologies (ICOSST)},
  title        = {Consensus Algorithms in Blockchain: ComparativeAnalysis, Challenges and Opportunities},
}

@Book{Bhaskar2015,
  author = {Nirupama Devi Bhaskar and David Kuo Chuen},
  date   = {2015},
  title  = {Handbook of Digital Currency},
}

@Misc{Slaats2019,
  author       = {N. Slaats and K. Van Driessche},
  date         = {2019},
  title        = {ProbleemOplossend Denken 1: Lesnota's},
  organization = {HOGENT},
}

@WWW{Mansfield2018,
  author = {Patrick Mansfield},
  date   = {2018-11-01},
  title  = {What Is SHA-256 And How Is It Related to Bitcoin?},
  url    = {https://www.mycryptopedia.com/sha-256-related-bitcoin/},
}

@WWW{Gartner2021,
  author = {Gartner},
  date   = {2021},
  editor = {Avivah Litan},
  title  = {Hype Cycle for Blockchain 2021; More Action than Hype},
  url    = {https://blogs.gartner.com/avivah-litan/2021/07/14/hype-cycle-for-blockchain-2021-more-action-than-hype/},
}

@Article{Anita2019,
  author       = {N. Anita, M. Vijayalakshmi},
  title        = {Blockchain Security Attack: A Brief Survey},
  date         = {2019},
  journaltitle = {10th International Conference on Computing, Communication and Networking Technologies (ICCCNT)},
  url          = {https://ieeexplore.ieee.org/abstract/document/8944615},
}

@Article{Kietzmann2018,
  author       = {Jan Kietzmann and Chris Archer-Brown},
  title        = {From hype to reality: Blockchain grows up},
  volume       = {65},
  date         = {2018},
  issue        = {2},
  journaltitle = {Business Horizons},
}

@Article{Bahga2016,
  author       = {Arshdeep Bahga and Vijay K. Madisetti},
  date         = {2016-9},
  journaltitle = {Arshdeep Bahga, Vijay K. Madisetti},
  title        = {Blockchain Platform for Industrial Internet of Things},
  doi          = {10.4236/jsea.2016.910036},
  url          = {https://scirp.org/journal/PaperInformation.aspx?PaperID=71596},
}

@Article{Saraf2018,
  author       = {Chinmay Saraf and Siddharth Sabadra},
  date         = {2018-05-12},
  journaltitle = {2018 IEEE International Conference on Innovative Research and Development (ICIRD)},
  title        = {Blockchain Platforms: A Compendium},
}

@Report{Delmolino2016,
  author      = {Kevin Delmolino and Mitchell Arnett and Ahmed Kosba and Andrew Miller and Elaine Shi},
  date        = {2016},
  institution = {Department of Computer Science, University of Maryland},
  title       = {Step by Step Towards Creating a Safe SmartContract: Lessons and Insightsfrom a Cryptocurrency Lab},
  type        = {Report},
}

@WWW{Gartner2022,
  author = {Gartner},
  date   = {2022},
  editor = {Gartner},
  title  = {Blockchain Platforms Reviews and Ratings},
  url    = {https://www.gartner.com/reviews/market/blockchain-platforms},
}

@Comment{jabref-meta: databaseType:biblatex;}
