@Article{Nofer2017,
  author       = {Michael Nofer and Peter Gomber and Oliver Hinz and Dirk Schiereck},
  date         = {2017-03-20},
  journaltitle = {Business & Information Systems Engineering},
  title        = {Blockchain},
  pages        = {183–187},
  url          = {https://cse.sc.edu/~mgv/csce190f19/diPierro_mcs2017050092.pdf},
  volume       = {59},
}

@Article{Pierro2017,
  author       = {Massimo Di Pierro},
  date         = {2017-09-01},
  journaltitle = {IEEE Computer Society},
  title        = {What Is the Blockchain?},
  issue        = {5},
  pages        = {92 - 95},
  url          = {https://link.springer.com/content/pdf/10.1007/s12599-017-0467-3.pdf},
  volume       = {19},
}

@Article{Rejeb2018,
  author       = {Abderahman Rejeb},
  date         = {2018-05},
  journaltitle = {Advances in Computers},
  title        = {Blockchain Technology: Supply Chain Insights from ERP},
  pages        = {69-98},
  url          = {https://www.academia.edu/download/58091778/BC_technology_supply_chain_insights_from_ERP_treated.pdf},
  volume       = {111},
}

@Report{Schiltz2018,
  author      = {Willem-Frederik Schiltz and Daniëlle Vanwesenbeeck and Marnic De Meulemeester and Jo De Ro and Martine Taelman and Mathias De Clercq},
  date        = {2018-03-26},
  institution = {Vlaams Parlement},
  title       = {Conceptnota voor nieuwe regelgeving betreffende blockchaintechnologie},
  type        = {Conceptnota},
  url         = {http://docs.vlaamsparlement.be/pfile?id=1390090},
}

@Book{Swan2015,
  author = {Melanie Swan},
  date   = {2015-01-24},
  title  = {Blockchain: Blueprint for a New Economy},
}

@Report{Kaptijn,
  author      = {Bas Kaptijn},
  date        = {2016-09-23},
  institution = {ICTU},
  title       = {whitepaper Blockchain},
  type        = {Whitepaper},
  url         = {https://www.ictu.nl/sites/default/files/documents/ICTU_Whitepaper_Blockchain.pdf},
}

@Report{Hileman2017,
  author      = {Garrick Hileman and Michel Rauchs},
  date        = {2017-09-27},
  institution = {University of Cambridge},
  title       = {Global Blockchain Benchmarking Study},
  type        = {Study},
  url         = {https://www.jbs.cam.ac.uk/wp-content/uploads/2020/08/2017-09-27-ccaf-globalbchain.pdf},
}

@Report{Davidson2016,
  author      = {Sinclair Davidson and Primavera De Filippi and Jason Potts},
  date        = {2016-07-19},
  institution = {RMIT University},
  title       = {Disrupting Governance: The New Institutional Economics of Distributed Ledger Technology},
  type        = {Paper},
  url         = {https://papers.ssrn.com/sol3/papers.cfm?abstract_id=2811995},
}

@Comment{jabref-meta: databaseType:biblatex;}
